@article{PhysRev.60.252,
    title = {Statistics of the Two-Dimensional Ferromagnet. Part I},
    author = {Kramers, H. A. and Wannier, G. H.},
    journal = {Phys. Rev.},
    volume = {60},
    issue = {3},
    pages = {252--262},
    numpages = {0},
    year = {1941},
    month = {Aug},
    publisher = {American Physical Society},
    doi = {10.1103/PhysRev.60.252},
    url = {https://link.aps.org/doi/10.1103/PhysRev.60.252}
}

@inbook{ProvatasTextbook,
    publisher = {John Wiley \& Sons, Ltd},
    isbn = {9783527631520},
    title = {Mean Field Theory of Phase Transformations},
    booktitle = {Phase‐Field Methods in Materials Science and Engineering},
    chapter = {2},
    pages = {9-25},
    doi = {https://doi.org/10.1002/9783527631520.ch2},
    url = {https://onlinelibrary.wiley.com/doi/abs/10.1002/9783527631520.ch2},
    year = {2010},
    keywords = {Landau theory, lattice models, mean field theory, phase transformations}
}

@ARTICLE{1925ZPhy...31..253I,
    author = {{Ising}, Ernst},
    title = "{Beitrag zur Theorie des Ferromagnetismus}",
    journal = {Zeitschrift für Physik},
    year = 1925,
    month = feb,
    volume = {31},
    number = {1},
    pages = {253-258},
    doi = {10.1007/BF02980577},
    adsurl = {https://ui.adsabs.harvard.edu/abs/1925ZPhy...31..253I},
    adsnote = {Provided by the SAO/NASA Astrophysics Data System}
}

@article{PhysRev.65.117,
    title = {Crystal Statistics. I. A Two-Dimensional Model with an Order-Disorder Transition},
    author = {Onsager, Lars},
    journal = {Phys. Rev.},
    volume = {65},
    issue = {3-4},
    pages = {117--149},
    numpages = {0},
    year = {1944},
    month = {Feb},
    publisher = {American Physical Society},
    doi = {10.1103/PhysRev.65.117},
    url = {https://link.aps.org/doi/10.1103/PhysRev.65.117}
}

@Book{diu1989elements,
    author = {Diu, Bernard},
    title = {Eléments de physique statistique},
    publisher = {Hermann},
    year = {1989},
    address = {Paris},
    isbn = {2705660658}
}
 
@article{walker2020,
    doi = {10.1038/s41598-020-69848-5},
    title={Deep learning on the 2-dimensional Ising model to extract the crossover region with a variational autoencoder},
    author={Walker, Nicholas and Tam, Ka-Ming and Jarrell, Mark},
    journal={Scientific reports},
    volume={10},
    number={1},
    pages={1--12},
    year={2020},
    publisher={Nature Publishing Group}
}

@article{doi:10.1063/1.1699114,
    author = {Metropolis,Nicholas  and Rosenbluth,Arianna W.  and Rosenbluth,Marshall N.  and Teller,Augusta H.  and Teller,Edward },
    title = {Equation of State Calculations by Fast Computing Machines},
    journal = {The Journal of Chemical Physics},
    volume = {21},
    number = {6},
    pages = {1087-1092},
    year = {1953},
    doi = {10.1063/1.1699114}
}

@article{IVASHKO2019165617,
    title = {Monte Carlo modeling of ferromagnetism of nano-graphene monolayer within Ising model},
    journal = {Journal of Magnetism and Magnetic Materials},
    volume = {492},
    pages = {165617},
    year = {2019},
    issn = {0304-8853},
    doi = {https://doi.org/10.1016/j.jmmm.2019.165617},
    url = {https://www.sciencedirect.com/science/article/pii/S0304885319311588},
    author = {Viktor Ivashko and Oleg Angelsky and Petro Maksimyak},
    keywords = {Nano-graphene, Monolayer, Monte Carlo, Ising model, Hysteresis}
}

@article{wolff_algo,
    title = {Collective Monte Carlo Updating for Spin Systems},
    author = {Wolff, Ulli},
    journal = {Phys. Rev. Lett.},
    volume = {62},
    issue = {4},
    pages = {361--364},
    numpages = {0},
    year = {1989},
    month = {Jan},
    publisher = {American Physical Society},
    doi = {10.1103/PhysRevLett.62.361}
}

@Book{newman1999monte,
    author = {Newman, M. E. J. and Barkema, G. T.},
    title = {Monte Carlo methods in statistical physics},
    publisher = {Clarendon Press Oxford University Press},
    year = {1999},
    address = {Oxford New York},
    isbn = {978-0198517979}
}

@misc{tudelftnotes,
howpublished = {\url{https://compphys.quantumtinkerer.tudelft.nl}}
}
@misc{python,
howpublished = {\url{https://www.python.org}}
}
@misc{gromacs,
howpublished = {\url{https://manual.gromacs.org/documentation/2021/reference-manual/definitions.html}}
}